<record><leader>00000cas a2200000 a 4500</leader><controlfield tag="001">31908477</controlfield><controlfield tag="007">hd bfu---baat</controlfield><controlfield tag="007">hd afu---bact</controlfield><controlfield tag="008">950131d18971901nbuwr nea     0    0eng d</controlfield><datafield ind1=" " ind2=" " tag="010"><subfield code="a">sn 95069057 </subfield></datafield><datafield ind1=" " ind2=" " tag="040"><subfield code="a">NVG</subfield><subfield code="b">eng</subfield><subfield code="c">NVG</subfield><subfield code="d">OCL</subfield><subfield code="d">OCLCQ</subfield><subfield code="d">OCLCF</subfield><subfield code="d">OCLCO</subfield><subfield code="d">OCLCQ</subfield></datafield><datafield ind1=" " ind2=" " tag="042"><subfield code="a">msc</subfield></datafield><datafield ind1=" " ind2=" " tag="043"><subfield code="a">n-us-nb</subfield></datafield><datafield ind1="0" ind2="4" tag="245"><subfield code="a">The Fullerton news and Nance County journal.</subfield></datafield><datafield ind1="1" ind2="3" tag="246"><subfield code="a">Nance County journal and the Fullerton news</subfield><subfield code="f">Jan. 8, 1897</subfield></datafield><datafield ind1="1" ind2="3" tag="246"><subfield code="a">Fullerton news</subfield><subfield code="f">Sept. 1, 1899-Mar. 28, 1901</subfield></datafield><datafield ind1=" " ind2=" " tag="260"><subfield code="a">Fullerton, Nance County, Neb. :</subfield><subfield code="b">W.H. Totten,</subfield><subfield code="c">1897-1901.</subfield></datafield><datafield ind1=" " ind2=" " tag="300"><subfield code="a">volumes</subfield></datafield><datafield ind1=" " ind2=" " tag="310"><subfield code="a">Weekly</subfield></datafield><datafield ind1=" " ind2=" " tag="336"><subfield code="a">text</subfield><subfield code="b">txt</subfield><subfield code="2">rdacontent</subfield></datafield><datafield ind1=" " ind2=" " tag="337"><subfield code="a">microform</subfield><subfield code="b">h</subfield><subfield code="2">rdamedia</subfield></datafield><datafield ind1=" " ind2=" " tag="338"><subfield code="a">microfilm reel</subfield><subfield code="b">hd</subfield><subfield code="2">rdacarrier</subfield></datafield><datafield ind1="0" ind2=" " tag="362"><subfield code="a">Vol. 17, no. 11 (Jan. 8, 1897)-v. 20, no. 39 (July 27, 1900) ; v. 8, no. 4 (Aug. 2, 1900)-v. 8, no. 38 (Mar. 28, 1901).</subfield></datafield><datafield ind1=" " ind2=" " tag="515"><subfield code="a">Some irregularities in numbering.</subfield></datafield><datafield ind1=" " ind2=" " tag="515"><subfield code="a">Issues for Jan. 8, 1897-July 27, 1900 also called v. 4, no. 27-v. 8, no. 3.</subfield></datafield><datafield ind1=" " ind2=" " tag="533"><subfield code="a">Microfilm.</subfield><subfield code="m">1897-1901.</subfield><subfield code="b">Lincoln, Neb. :</subfield><subfield code="c">Nebraska State Historical Society.</subfield><subfield code="e">2 microfilm reels ; 35 mm.</subfield></datafield><datafield ind1=" " ind2="0" tag="651"><subfield code="a">Fullerton (Neb.)</subfield><subfield code="v">Newspapers.</subfield></datafield><datafield ind1=" " ind2="0" tag="651"><subfield code="a">Nance County (Neb.)</subfield><subfield code="v">Newspapers.</subfield></datafield><datafield ind1=" " ind2="7" tag="651"><subfield code="a">Nebraska</subfield><subfield code="z">Fullerton.</subfield><subfield code="2">fast</subfield><subfield code="0">(OCoLC)fst01275688</subfield></datafield><datafield ind1=" " ind2="7" tag="651"><subfield code="a">Nebraska</subfield><subfield code="z">Nance County.</subfield><subfield code="2">fast</subfield><subfield code="0">(OCoLC)fst01220981</subfield></datafield><datafield ind1=" " ind2="7" tag="655"><subfield code="a">Newspapers.</subfield><subfield code="2">fast</subfield><subfield code="0">(OCoLC)fst01423814</subfield></datafield><datafield ind1=" " ind2=" " tag="752"><subfield code="a">United States</subfield><subfield code="b">Nebraska</subfield><subfield code="c">Nance</subfield><subfield code="d">Fullerton.</subfield></datafield><datafield ind1="0" ind2="0" tag="780"><subfield code="t">Fullerton news-journal</subfield><subfield code="w">(DLC)sn 95069056</subfield></datafield><datafield ind1="0" ind2="0" tag="785"><subfield code="t">News-journal (Fullerton, Neb.)</subfield><subfield code="w">(DLC)sn 95069058</subfield></datafield><datafield ind1="1" ind2=" " tag="029"><subfield code="a">AU@</subfield><subfield code="b">000011526943</subfield></datafield></record>